<?xml version="1.0" encoding="UTF-8"?><collection xmlns="http://www.loc.gov/MARC21/slim"><record><leader>00445nam--2200157-i-4500</leader><controlfield tag="001">000028989</controlfield><controlfield tag="002">20161230</controlfield><controlfield tag="005">20170111004501</controlfield><controlfield tag="008">060222s1000------------r-----000-0-eng-d</controlfield><datafield ind1=" " ind2=" " tag="080"><subfield code="a">727.5</subfield></datafield><datafield ind1=" " ind2=" " tag="245"><subfield code="a">Laboratory design for handling radioactive materials. 1951</subfield></datafield><datafield ind1=" " ind2=" " tag="260"><subfield code="a">Washington</subfield><subfield code="b">Building Research Advisory Boars</subfield><subfield code="c">1952</subfield></datafield><datafield ind1=" " ind2=" " tag="300"><subfield code="a">II + 140 p</subfield></datafield><datafield ind1=" " ind2=" " tag="490"><subfield code="a">Research Conference Report 3</subfield></datafield><datafield ind1=" " ind2=" " tag="852"><subfield code="a">13194</subfield></datafield><datafield ind1=" " ind2=" " tag="CAT"><subfield code="a">SYS</subfield><subfield code="c">20170111</subfield><subfield code="h">004501</subfield></datafield></record></collection>